Ticker,fiscalDateEnding,reportedCurrency,grossProfit,totalRevenue,costOfRevenue,costofGoodsAndServicesSold,operatingIncome,sellingGeneralAndAdministrative,researchAndDevelopment,operatingExpenses,investmentIncomeNet,netInterestIncome,interestIncome,interestExpense,nonInterestIncome,otherNonOperatingIncome,depreciation,depreciationAndAmortization,incomeBeforeTax,incomeTaxExpense,interestAndDebtExpense,netIncomeFromContinuingOperations,comprehensiveIncomeNetOfTax,ebit,ebitda,netIncome
RY,2025-01-31,CAD,16720000000,16720000000,0,0,0,5987000000,0,16720000000,0,7948000000,26455000000,18507000000,0,0,0,774000000,6433000000,1302000000,0,5131000000,0,0,0,5129000000
RY,2024-10-31,CAD,15063000000,15063000000,0,0,6289000000,5423000000,0,8774000000,0,7671000000,26498000000,18827000000,0,0,0,821000000,5215000000,993000000,0,4222000000,0,6289000000,7110000000,4219000000
RY,2024-07-31,CAD,14688000000,14688000000,-20187000000,-20187000000,6283000000,5406000000,0,8405000000,0,7327000000,27090000000,19763000000,0,0,0,763000000,5373000000,887000000,0,4486000000,0,6283000000,7046000000,4483000000
RY,2024-04-30,CAD,13980000000,13980000000,0,0,6030000000,5091000000,0,7950000000,0,6623000000,25754000000,19131000000,0,0,0,723000000,4926000000,976000000,0,3950000000,0,6030000000,6753000000,3948000000
RY,2024-01-31,CAD,13755000000,13755000000,0,0,5696000000,5163000000,0,8059000000,0,6332000000,25609000000,19277000000,0,0,0,674000000,4348000000,766000000,0,3582000000,0,5696000000,6370000000,3580000000
RY,2023-10-31,CAD,13249000000,13249000000,0,0,4069000000,4793000000,0,-9180000000,0,6542000000,24502000000,17960000000,0,0,0,1016000000,4071000000,-60000000,0,4131000000,0,4294000000,5310000000,4129000000
RY,2023-07-31,CAD,14434000000,14434000000,0,0,4631000000,6173000000,0,-9803000000,0,6286000000,22834000000,16548000000,0,0,0,693000000,4633000000,761000000,0,3872000000,0,4645000000,5338000000,3870000000
RY,2023-04-30,CAD,13508000000,13508000000,0,0,18638000000,5606000000,0,5130000000,0,6099000000,20318000000,14219000000,0,0,0,706000000,4420000000,771000000,0,3649000000,0,18638000000,19344000000,3648000000
RY,2023-01-31,CAD,15065000000,15065000000,0,0,18475000000,6421000000,0,3410000000,0,6202000000,19337000000,13135000000,0,0,0,694000000,5342000000,2128000000,0,3214000000,0,18475000000,19169000000,3131000000
RY,2022-10-31,CAD,12543000000,12543000000,0,0,13471000000,4499000000,0,928000000,0,6282000000,14898000000,8616000000,0,0,0,689000000,4861000000,979000000,0,3882000000,0,13471000000,14160000000,3876000000
RY,2022-07-31,CAD,850000000,850000000,0,0,9401000000,4708000000,0,8551000000,0,5890000000,10737000000,4847000000,0,0,0,657000000,4556000000,979000000,0,3577000000,0,9401000000,10058000000,3575000000
RY,2022-04-30,CAD,11107000000,11107000000,0,0,7789000000,3822000000,0,-3318000000,0,5274000000,7758000000,2484000000,0,0,0,654000000,5308000000,1055000000,0,4253000000,0,7789000000,8443000000,4250000000
RY,2022-01-31,CAD,12040000000,13037000000,997000000,997000000,7489000000,5282000000,0,-4551000000,0,5271000000,7378000000,2107000000,0,0,0,652000000,5384000000,1289000000,0,4095000000,0,7489000000,8141000000,4093000000
RY,2021-10-31,CAD,11310000000,12342000000,1032000000,1032000000,6936000000,5020000000,0,-4374000000,0,5061000000,7014000000,1953000000,0,0,0,665000000,4988000000,1096000000,0,3892000000,0,6936000000,7601000000,3887000000
RY,2021-07-31,CAD,11405000000,12709000000,1304000000,1304000000,7513000000,5415000000,0,-3892000000,0,5052000000,6997000000,1945000000,0,0,0,656000000,5572000000,1276000000,0,4296000000,0,7513000000,8169000000,4292000000
RY,2021-04-30,CAD,11419000000,11568000000,149000000,149000000,7229000000,4301000000,0,-4190000000,0,4854000000,6898000000,2044000000,0,0,0,637000000,5186000000,1171000000,0,4015000000,0,7229000000,7866000000,4014000000
RY,2021-01-31,CAD,11512000000,12918000000,1406000000,1406000000,7084000000,5694000000,0,-4428000000,0,5035000000,7236000000,2201000000,0,0,0,634000000,4885000000,1038000000,0,3847000000,0,7084000000,7718000000,3845000000
RY,2020-10-31,CAD,10611000000,11072000000,461000000,461000000,6600000000,4048000000,0,-4011000000,0,5010000000,7463000000,2453000000,0,0,0,330000000,4146000000,900000000,0,3246000000,0,6980000000,7310000000,3247000000
RY,2020-07-31,CAD,11115000000,12900000000,1785000000,1785000000,6893000000,5817000000,0,-4222000000,0,5139000000,7956000000,2817000000,0,0,0,652000000,4080000000,879000000,0,3201000000,0,6893000000,7545000000,3197000000
RY,2020-04-30,CAD,10318000000,10318000000,-177000000,-177000000,5502000000,3396000000,0,-4993000000,0,5465000000,9226000000,3761000000,0,0,0,642000000,1738000000,257000000,0,1481000000,0,5502000000,6144000000,1484000000
RY,2020-01-31,CAD,11200000000,12814000000,1614000000,1614000000,9437000000,5674000000,0,-1763000000,0,5221000000,10238000000,5017000000,0,0,0,644000000,4425000000,916000000,0,3509000000,0,9437000000,10081000000,3504000000
RY,2019-10-31,CAD,10532000000,11193000000,661000000,661000000,9355000000,4374000000,0,-1177000000,0,5111000000,10442000000,5331000000,0,0,0,309000000,3898000000,692000000,0,3206000000,0,9622000000,9931000000,3201000000
RY,2019-07-31,CAD,10477000000,11523000000,1046000000,1046000000,9643000000,4661000000,0,-834000000,0,5018000000,10610000000,5562000000,0,0,0,458000000,4081000000,818000000,0,3263000000,0,9643000000,10101000000,3263000000
RY,2019-04-30,CAD,10325000000,11485000000,1160000000,1160000000,9288000000,4782000000,0,-1037000000,0,4773000000,10132000000,5295000000,0,0,0,457000000,3997000000,767000000,0,3230000000,0,9288000000,9745000000,3226000000
RY,2019-01-31,CAD,10349000000,11574000000,1225000000,1225000000,9201000000,4868000000,0,-1148000000,0,4884000000,10149000000,5265000000,0,0,0,443000000,3938000000,766000000,0,3172000000,0,9201000000,9644000000,3170000000
RY,2018-10-31,CAD,10167000000,10661000000,494000000,494000000,8198000000,3923000000,0,-1969000000,0,0,0,4261000000,0,0,0,279000000,3940000000,690000000,0,2470543520,0,8349000000,8628000000,3247000000
RY,2018-07-31,CAD,10086000000,11011000000,925000000,925000000,7918000000,4446000000,0,-2168000000,0,0,0,4030000000,0,0,0,419000000,3896000000,787000000,0,2390251403,0,7918000000,8337000000,3101000000
RY,2018-04-30,CAD,9619000000,10040000000,421000000,421000000,7312000000,3745000000,0,-2307000000,0,0,0,3444000000,0,0,0,407000000,3877000000,817000000,0,2383177570,0,7312000000,7719000000,3051000000
RY,2018-01-31,CAD,9967000000,10803000000,836000000,836000000,7131000000,4338000000,0,-2836000000,0,0,0,3095000000,0,0,0,396000000,4047000000,1035000000,0,2445797808,0,7131000000,7527000000,3001000000
RY,2017-10-31,CAD,9472000000,10513000000,1041000000,1041000000,6318000000,4436000000,0,-3154000000,0,0,0,2785000000,0,0,0,257000000,3541000000,704000000,0,1.17E+11,0,6469000000,6726000000,2829000000
RY,2017-07-31,CAD,9098000000,9741000000,643000000,643000000,6126000000,4028000000,0,-2972000000,0,0,0,2551000000,0,0,0,398000000,3588000000,792000000,0,57783532334,0,6126000000,6524000000,2783000000
RY,2017-04-30,CAD,9179000000,10269000000,1090000000,1090000000,5974000000,4331000000,0,-3205000000,0,0,0,2293000000,0,0,0,397000000,3689000000,880000000,0,2053212484,0,5974000000,6371000000,2801000000
RY,2017-01-31,CAD,8893000000,9076000000,183000000,183000000,5977000000,3446000000,0,-2916000000,0,0,0,2135000000,0,0,0,414000000,3854000000,827000000,0,5720449731,0,5977000000,6391000000,3015000000
RY,2016-10-31,CAD,8538000000,8935000000,397000000,397000000,5326000000,3429000000,0,-3212000000,0,0,0,2024000000,0,0,0,410000000,3312000000,769000000,0,-697986577.2,0,5326000000,5736000000,2533000000
RY,2016-07-31,CAD,8718000000,9928000000,1210000000,1210000000,5688000000,4289000000,0,-3030000000,0,0,0,2061000000,0,0,0,382000000,3636000000,741000000,0,752876628.8,0,5688000000,6070000000,2886000000
RY,2016-04-30,CAD,8497000000,9485000000,988000000,988000000,5154000000,4002000000,0,-3343000000,0,0,0,1976000000,0,0,0,368000000,3191000000,618000000,0,-788570516.4,0,5154000000,5522000000,2560000000
RY,2016-01-31,CAD,8483000000,9312000000,829000000,829000000,4999000000,3905000000,0,-3484000000,0,0,0,1860000000,0,0,0,386000000,3160000000,713000000,0,2940159174,0,4999000000,5385000000,2426000000
RY,2015-10-31,CAD,7644000000,7979000000,335000000,335000000,4696000000,2974000000,0,-2948000000,0,0,0,1915000000,0,0,0,180000000,2805000000,212000000,0,-936235204.3,0,4836000000,5016000000,2569000000
RY,2015-07-31,CAD,8140000000,8796000000,656000000,656000000,5213000000,3546000000,0,-2927000000,0,0,0,1972000000,0,0,0,306000000,3267000000,792000000,0,1619680648,0,5213000000,5519000000,2449000000
RY,2015-04-30,CAD,8297000000,8790000000,493000000,493000000,5290000000,3489000000,0,-3007000000,0,0,0,2000000000,0,0,0,318000000,3319000000,817000000,0,-1755402832,0,5290000000,5608000000,2473000000
RY,2015-01-31,CAD,8037000000,9559000000,1522000000,1522000000,5281000000,4537000000,0,-2756000000,0,0,0,2071000000,0,0,0,302000000,3232000000,776000000,0,-7164796690,0,5281000000,5583000000,2434000000
RY,2014-10-31,CAD,7596000000,8348000000,752000000,752000000,4844000000,3333000000,0,-2752000000,0,0,0,1916000000,0,0,0,314000000,2945000000,612000000,0,7991479542,0,4844000000,5158000000,2316000000
RY,2014-07-31,CAD,7929000000,8938000000,1009000000,1009000000,5096000000,3875000000,0,-2833000000,0,0,0,2026000000,0,0,0,298000000,3096000000,718000000,0,0,0,5096000000,5394000000,2352000000
RY,2014-04-30,CAD,7406000000,8236000000,830000000,830000000,4815000000,3564000000,0,-2591000000,0,0,0,1971000000,0,0,0,286000000,2870000000,669000000,0,0,0,4815000000,5101000000,2175000000
RY,2014-01-31,CAD,7434000000,8416000000,982000000,982000000,4764000000,3832000000,0,-2670000000,0,0,0,1990000000,0,0,0,275000000,2799000000,707000000,0,0,0,4764000000,5039000000,2067000000
RY,2013-10-31,CAD,7009000000,7887000000,878000000,878000000,4572000000,3408000000,0,-2437000000,0,0,0,2040000000,0,0,0,276000000,2556000000,455000000,0,0,0,4572000000,4848000000,2077000000
RY,2013-07-31,CAD,6956000000,7219000000,263000000,263000000,4619000000,2749000000,0,-2337000000,0,0,0,1957000000,0,0,0,114000000,2687000000,383000000,0,0,0,4619000000,4733000000,2279000000
RY,2013-04-30,CAD,6829000000,7767000000,938000000,938000000,4418000000,3489000000,0,-2411000000,0,0,0,1910000000,0,0,0,114000000,2532000000,596000000,0,0,0,4418000000,4532000000,1912000000
RY,2013-01-31,CAD,7199000000,7904000000,705000000,705000000,4772000000,3337000000,0,-2427000000,0,0,0,1992000000,0,0,0,247000000,2805000000,735000000,0,0,0,4772000000,5019000000,2045000000
RY,2012-10-31,CAD,3899000000,7520000000,3621000000,3621000000,4517000000,2348000000,0,618000000,0,0,0,2027000000,0,0,0,-452000000,2513000000,602000000,0,0,0,4517000000,4065000000,1888000000
RY,2012-07-31,CAD,7747000000,7747000000,2582992723,2582992723,4739000000,3570000000,0,-3008000000,0,0,0,2090000000,0,0,0,105000000,2673000000,433000000,0,0,0,4739000000,4844000000,2216000000
RY,2012-04-30,CAD,6918000000,6918000000,2286264182,2286264182,4093000000,3208000000,0,-2825000000,0,0,0,2069000000,0,0,0,395000000,2079000000,516000000,0,0,0,4093000000,4488000000,1508000000
RY,2012-01-31,CAD,7574000000,7574000000,2761990228,2761990228,4547000000,3782000000,0,-3027000000,0,0,0,2168000000,0,0,0,252000000,2425000000,549000000,0,0,0,4547000000,4799000000,1830000000
RY,2011-10-31,CAD,3119000000,6479000000,3360000000,3360000000,4007000000,2170000000,0,888000000,0,0,0,1981000000,0,0,0,224000000,2054000000,427000000,0,0,0,4007000000,4231000000,1599000000
RY,2011-07-31,CAD,6790000000,6790000000,2481446639,2481446639,2321000000,3389000000,0,-4469000000,0,0,0,2066000000,0,0,0,171000000,1935000000,347000000,0,0,0,2321000000,2492000000,-92000000
RY,2011-04-30,CAD,7132000000,7132000000,2715698653,2715698653,4047000000,3565000000,0,-3085000000,0,0,0,2142000000,0,0,0,239000000,1932000000,399000000,0,0,0,4047000000,4286000000,1506000000
RY,2011-01-31,CAD,7389000000,7389000000,2253071008,2253071008,4666000000,3385000000,0,-2723000000,0,0,0,2215000000,0,0,0,231000000,2480000000,612000000,0,0,0,4666000000,4897000000,1839000000
RY,2010-10-31,CAD,2094000000,7202000000,5108000000,5108000000,3558000000,3085000000,0,1464000000,0,0,0,2056000000,0,0,0,-253000000,1529000000,381000000,0,0,0,3558000000,3305000000,1121000000
RY,2010-07-31,CAD,6827000000,6827000000,1692728694,1692728694,3417000000,3645000000,0,-3410000000,0,0,0,1884000000,0,0,0,225000000,1559000000,257000000,0,0,0,3417000000,3642000000,1276000000
RY,2010-04-30,CAD,6967000000,6967000000,2365369497,2365369497,3609000000,3508000000,0,-3358000000,0,0,0,1837000000,0,0,0,219000000,1795000000,443000000,0,0,0,3609000000,3828000000,1329000000
RY,2010-01-31,CAD,7334000000,7334000000,2674451455,2674451455,3981000000,3694000000,0,-3353000000,0,0,0,1919000000,0,0,0,219000000,2085000000,565000000,0,0,0,3981000000,4200000000,1497000000
RY,2009-10-31,CAD,2972000000,7581000000,4609000000,4609000000,3599000000,2899000000,0,627000000,0,0,0,1890000000,0,0,0,-1244000000,1731000000,415000000,0,0,0,3599000000,2355000000,1294000000
RY,2009-07-31,CAD,7823000000,7823000000,3197588126,3197588126,3925000000,3802000000,0,-3898000000,0,0,0,1915000000,0,0,0,214000000,2045000000,449000000,0,0,0,3925000000,4139000000,1561000000
RY,2009-04-30,CAD,6761000000,6761000000,3041038526,3041038526,2450000000,3350000000,0,-4311000000,0,0,0,2234000000,0,0,0,1213739430,254000000,266000000,0,0,0,2450000000,3663739430,-50000000
RY,2009-01-31,CAD,6940757129,6940757129,3390471592,3390471592,4488692232,3536135693,0,-2452064897,0,0,0,2997787611,0,0,0,205260570,1490904621,437561455,0,0,0,4488692232,4693952802,1053343166
RY,2008-10-31,CAD,3438205731,5069205731,1631000000,1631000000,5107590582,1867523030,0,1669384851,0,0,0,3559230296,0,0,0,194982600,1629360286,428365404,0,0,0,5107590582,5302573182,1119994882
RY,2008-07-31,CAD,5911975435,5911975435,3615046409,3615046409,5313203685,2585465711,0,-598771750,0,0,0,3609007165,0,0,0,173612538,1704196520,442169908,0,0,0,5313203685,5486816223,1262026612
RY,2008-04-30,CAD,4954792043,4954792043,3929706116,3929706116,5250150693,2347799879,0,295358650,0,0,0,4166164356,0,0,0,162834581,1083986337,155716295,0,0,0,5250150693,5412985274,928270042
RY,2008-01-31,CAD,5646586345,5646586345,4384339510,4384339510,6238955824,2152610442,0,592369479,0,0,0,4650602410,0,0,0,142570281,1588353414,343373494,0,0,0,6238955824,6381526105,1244979920
RY,2007-10-31,CAD,5615415971,5615415971,4733552283,4733552283,6080281177,2476938648,0,464865206,0,0,0,4501432782,0,0,0,141081203,1578848395,254283822,0,0,0,6080281177,6221362380,1324564573
RY,2007-07-31,CAD,5480779470,5480779470,3778693901,3778693901,6663827068,2335214567,0,1183047598,0,0,0,4919603876,0,0,0,133539665,1744223192,349270578,0,0,0,6663827068,6797366733,1394952614
RY,2007-04-30,CAD,5669439823,5669439823,3830688785,3830688785,6478092069,2725457571,0,808652246,0,0,0,4846367166,0,0,0,131673548,1631724903,352745424,0,0,0,6478092069,6609765617,1278979479
RY,2007-01-31,CAD,5697824810,5697824810,3387179051,3387179051,6506760729,2549088771,0,808935919,0,0,0,4577307466,0,0,0,123456790,1929453263,435038213,0,0,0,6506760729,6630217519,1494415050
RY,2006-10-31,CAD,5349342903,5349342903,3395100223,3395100223,5992326395,2439326660,0,642983492,0,0,0,4388485178,0,0,0,128338315,1604728349,341239847,0,0,0,5992326395,6120664710,1262601370
RY,2006-07-31,CAD,5206471321,5206471321,3162219473,3162219473,5640909605,2474261794,0,434438284,0,0,0,4083041068,0,0,0,121876942,1574838783,381264849,0,0,0,5640909605,5762786547,1176603688
RY,2006-04-30,CAD,5122250753,5122250753,2903225806,2903225806,5106620521,2488556436,0,-15630232,0,0,0,3640727923,0,0,0,119588461,1475940605,348330914,0,0,0,5106620521,5226208982,1117561684
RY,2006-01-31,CAD,4977241694,4977241694,2654207248,2654207248,4799726900,2463586709,0,-177514794,0,0,0,3296540737,0,0,0,111515703,1504324078,332271279,0,0,0,4799726900,4911242603,1170914884
RY,2005-10-31,CAD,4816551835,4816551835,2393162393,2393162393,3660388887,2386879667,0,-1156162948,0,0,0,3048034953,0,0,0,101611156,632560010,89894037,0,0,0,3660388887,3762000043,522459897
RY,2005-07-31,CAD,4938165789,4938165789,2176747256,2176747256,3951267295,2404799804,0,-986898494,0,0,0,2579894698,0,0,0,119361138,1393412514,391820742,0,0,0,3951267295,4070628433,979551855
RY,2005-04-30,CAD,4734256927,4734256927,1894585759,1894585759,3554156172,1732997481,0,-1180100755,0,0,0,2299748111,0,0,0,137640153,1254408061,347607053,0,0,0,3554156172,3691796325,906801008
RY,2005-01-31,CAD,4827586207,4827586207,1760438498,1760438498,3533862565,1731580253,0,-1293723642,0,0,0,2113619449,0,0,0,105432895,1420243116,441577772,0,0,0,3533862565,3639295460,978665344
TD,2025-01-31,CAD,14901000000,14901000000,0,0,0,6157000000,0,14901000000,0,7866000000,22872000000,15006000000,0,0,0,532000000,3260000000,698000000,0,2793000000,0,0,0,2793000000
TD,2024-10-31,CAD,14432000000,14432000000,0,0,4545000000,6444000000,0,9887000000,0,7940000000,23774000000,15834000000,0,0,0,544000000,3991000000,534000000,0,3635000000,0,4545000000,5089000000,3635000000
TD,2024-07-31,CAD,14113000000,14113000000,-16309000000,-16309000000,5331000000,5758000000,0,8782000000,0,7579000000,23806000000,16227000000,0,0,0,492000000,423000000,794000000,0,-181000000,0,5331000000,5823000000,-181000000
TD,2024-04-30,CAD,13759000000,13759000000,0,0,5515000000,5498000000,0,8244000000,0,7465000000,22996000000,15531000000,0,0,0,492000000,3099000000,729000000,0,2564000000,0,5515000000,6007000000,2564000000
TD,2024-01-31,CAD,13641000000,13641000000,0,0,5275000000,5680000000,0,8366000000,0,7488000000,22813000000,15325000000,0,0,0,499000000,3317000000,634000000,0,2824000000,0,5275000000,5774000000,2824000000
TD,2023-10-31,CAD,14762000000,14762000000,0,0,3514000000,5109000000,0,-11248000000,0,7494000000,22376000000,14882000000,0,0,0,505000000,3358000000,628000000,0,2886000000,0,3514000000,4019000000,2886000000
TD,2023-07-31,CAD,12768000000,12768000000,0,0,3690000000,4928000000,0,-9078000000,0,7289000000,20935000000,13646000000,0,0,0,496000000,3508000000,727000000,0,2963000000,0,3690000000,4186000000,2963000000
TD,2023-04-30,CAD,12429000000,12429000000,0,0,16096000000,4687000000,0,3667000000,0,7428000000,19307000000,11879000000,0,0,0,122085,3976000000,866000000,0,3351000000,0,16574877915,16575000000,3306000000
TD,2023-01-31,CAD,13010000000,13010000000,0,0,12852000000,4734000000,0,-158000000,0,7733000000,18056000000,10323000000,0,0,0,41584,2244000000,947000000,0,1582000000,0,13282958416,13283000000,1581000000
TD,2022-10-31,CAD,11926000000,11926000000,0,0,15037000000,4230000000,0,3111000000,0,7630000000,14699000000,7069000000,0,0,0,54880,7678000000,1297000000,0,6671000000,0,15499945120,15500000000,6671000000
TD,2022-07-31,CAD,11503000000,11503000000,0,0,7655000000,4156000000,0,-3848000000,0,7044000000,10782000000,3738000000,0,0,0,27081,3649000000,703000000,0,3214000000,0,8084972919,8085000000,3214000000
TD,2022-04-30,CAD,11165000000,11165000000,0,0,6465000000,3874000000,0,-4700000000,0,6377000000,8029000000,1652000000,0,0,0,86065,4611000000,1002000000,0,3811000000,0,6902913935,6903000000,3811000000
TD,2022-01-31,CAD,11168000000,11168000000,0,0,5937000000,4034000000,0,-5231000000,0,6302000000,7091000000,1220000000,0,0,0,60459,4486000000,984000000,0,3733000000,0,6371939541,6372000000,3733000000
TD,2021-10-31,CAD,10829000000,10829000000,0,0,4646000000,3701000000,0,6373000000,0,6262000000,7045000000,1177000000,0,0,0,71391,4467000000,910000000,0,3781000000,0,-18071391,-18000000,3781000000
TD,2021-07-31,CAD,10603000000,10603000000,0,0,5769000000,3882000000,0,-4834000000,0,5642000000,6944000000,1302000000,0,0,0,54000,4297000000,922000000,0,3545000000,0,6237946000,6238000000,3545000000
TD,2021-04-30,CAD,10120000000,10120000000,0,0,6048000000,3566000000,0,-4072000000,0,5392000000,6783000000,1391000000,0,0,0,55806,4435000000,962000000,0,3695000000,0,6590944194,6591000000,3695000000
TD,2021-01-31,CAD,10714000000,10714000000,0,0,5684000000,3936000000,0,-5030000000,0,5635000000,7215000000,1580000000,0,0,0,55213,3935000000,827000000,0,3277000000,0,6262944787,6263000000,3277000000
TD,2020-10-31,CAD,11028000000,11750000000,722000000,722000000,6338000000,3511000000,0,-4690000000,0,6367000000,7360000000,1397000000,0,0,0,55131,4588000000,-202000000,0,5143000000,0,6973944869,6974000000,5143000000
TD,2020-07-31,CAD,11032000000,11032000000,0,0,4276000000,3855000000,0,-6756000000,0,6483000000,7707000000,1583000000,0,0,0,52750,2365000000,445000000,0,2248000000,0,4778947250,4779000000,2248000000
TD,2020-04-30,CAD,10434000000,10434000000,2963000000,2963000000,4728000000,3598000000,0,-5706000000,0,6460000000,9007000000,2963000000,0,0,0,51116,1518000000,250000000,0,1515000000,0,5236948884,5237000000,1515000000
TD,2020-01-31,CAD,10680000000,10680000000,4093000000,4093000000,7741000000,3813000000,0,-2939000000,0,6301000000,9859000000,4093000000,0,0,0,47300,3443000000,659000000,0,2989000000,0,8233952700,8234000000,2989000000
TD,2019-10-31,CAD,10254000000,10254000000,4363000000,4363000000,7865000000,3449000000,0,-2389000000,0,6175000000,10091000000,4363000000,0,0,0,46467,3201000000,646000000,0,2856000000,0,8241953533,8242000000,2856000000
TD,2019-07-31,CAD,10415000000,10415000000,4620000000,4620000000,8681000000,3561000000,0,-1734000000,0,6024000000,10261000000,4620000000,0,0,0,44646,3758000000,813000000,0,3248000000,0,9025955354,9026000000,3248000000
TD,2019-04-30,CAD,10145000000,10145000000,4401000000,4401000000,8346000000,3467000000,0,-1799000000,0,5872000000,9889000000,4401000000,0,0,0,40963,3679000000,773000000,0,3172000000,0,8689959037,8690000000,3172000000
TD,2019-01-31,CAD,9915000000,9915000000,4684000000,4684000000,7579000000,3554000000,0,-2336000000,0,5860000000,10544000000,4684000000,0,0,0,40374,2591000000,503000000,0,2410000000,0,7917959626,7918000000,2392000000
TD,2018-10-31,CAD,10045000000,10045000000,4238000000,4238000000,7871000000,3364000000,0,-2174000000,0,0,0,4238000000,0,0,0,366000000,3416000000,691000000,0,1710448515,0,7871000000,8237000000,2942000000
TD,2018-07-31,CAD,9814000000,9814000000,3856000000,3856000000,7648000000,3267000000,0,-2166000000,0,0,0,3856000000,0,0,0,336000000,3580000000,705000000,0,2387176136,0,7648000000,7984000000,3087000000
TD,2018-04-30,CAD,9391000000,9391000000,3211000000,3211000000,6855000000,3055000000,0,-2536000000,0,0,0,3211000000,0,0,0,356000000,3531000000,746000000,0,2271028037,0,6855000000,7211000000,2898000000
TD,2018-01-31,CAD,9278000000,9278000000,2878000000,2878000000,6253000000,3135000000,0,-3025000000,0,0,0,2878000000,0,0,0,333000000,3246000000,1040000000,0,1910678035,0,6253000000,6586000000,2335000000
TD,2017-10-31,CAD,8992000000,8992000000,-204000000,-204000000,5873000000,3042000000,0,-3323000000,0,0,0,2556000000,0,0,0,332000000,3249000000,640000000,0,1542918091,0,5873000000,6205000000,2677000000
TD,2017-07-31,CAD,9210000000,9210000000,2357000000,2357000000,5857000000,3046000000,0,-3353000000,0,0,0,2357000000,0,0,0,337000000,3407000000,760000000,0,12488180143,0,5857000000,6194000000,2740000000
TD,2017-04-30,CAD,8391000000,8391000000,2086000000,2086000000,4818000000,3016000000,0,-3573000000,0,0,0,2086000000,0,0,0,320000000,2649000000,257000000,0,-7427819604,0,4818000000,5138000000,2475000000
TD,2017-01-31,CAD,9038000000,9038000000,1986000000,1986000000,5086000000,3160000000,0,-3952000000,0,0,0,1986000000,0,0,0,318000000,3016000000,596000000,0,1943975441,0,5086000000,5404000000,2504000000
TD,2016-10-31,CAD,8667000000,8667000000,1804000000,1804000000,4633000000,2906000000,0,-4034000000,0,0,0,1804000000,0,0,0,350000000,2764000000,555000000,0,4969190021,0,4633000000,4983000000,2274000000
TD,2016-07-31,CAD,8624000000,8624000000,1671000000,1671000000,4576000000,3018000000,0,-4048000000,0,0,0,1671000000,0,0,0,334000000,2813000000,576000000,0,0,0,4576000000,4910000000,2329000000
TD,2016-04-30,CAD,8179000000,8179000000,1590000000,1590000000,4080000000,2853000000,0,-4099000000,0,0,0,1590000000,0,0,0,329000000,2409000000,466000000,0,0,0,4080000000,4409000000,2024000000
TD,2016-01-31,CAD,8529000000,8529000000,1572000000,1572000000,4312000000,2983000000,0,-4217000000,0,0,0,1572000000,0,0,0,324000000,2660000000,546000000,0,0,0,4312000000,4636000000,2194000000
TD,2015-10-31,CAD,7709000000,7897000000,188000000,188000000,3511000000,2867000000,0,-4198000000,0,0,0,1442000000,0,0,0,320000000,1990000000,259000000,0,6127529591,0,3511000000,3831000000,1810000000
TD,2015-07-31,CAD,7927000000,7927000000,1569000000,1569000000,4309000000,2861000000,0,-3618000000,0,0,0,1569000000,0,0,0,315000000,2677000000,502000000,0,0,0,4309000000,4624000000,2238000000
TD,2015-04-30,CAD,7673000000,7673000000,1487000000,1487000000,3662000000,2872000000,0,-4011000000,0,0,0,1487000000,0,0,0,-18000000,2115000000,344000000,0,0,0,3662000000,3644000000,1831000000
TD,2015-01-31,CAD,7532000000,7532000000,1608000000,1608000000,4059000000,2943000000,0,-3473000000,0,0,0,1608000000,0,0,0,-15000000,2388000000,418000000,0,0,0,4059000000,4044000000,2033000000
TD,2014-10-31,CAD,7129000000,7129000000,1607000000,1607000000,3696000000,2862000000,0,-3433000000,0,0,0,1607000000,0,0,0,320000000,2030000000,370000000,0,6996538564,0,3696000000,4016000000,1719000000
TD,2014-07-31,CAD,7428000000,7428000000,1567000000,1567000000,3977000000,2923000000,0,-3451000000,0,0,0,1567000000,0,0,0,261000000,2360000000,330000000,0,0,0,3977000000,4238000000,2080000000
TD,2014-04-30,CAD,9267000000,9267000000,1539000000,1539000000,3482000000,4984000000,0,-5785000000,0,0,0,1647000000,0,0,0,283000000,1781000000,240000000,0,0,0,3482000000,3765000000,1595000000
TD,2014-01-31,CAD,7484000000,7484000000,1631000000,1631000000,4011000000,2773000000,0,-3473000000,0,0,0,1631000000,0,0,0,283000000,2330000000,365000000,0,0,0,4011000000,4294000000,2015000000
TD,2013-10-31,CAD,9267000000,9267000000,1648000000,1648000000,3482000000,4984000000,0,5178000000,0,0,0,1647000000,0,0,0,283000000,1781000000,240000000,0,6103921005,0,3482000000,3765000000,1595000000
TD,2013-07-31,CAD,5866000000,5866000000,1640000000,1640000000,3392000000,1916000000,0,-2474000000,0,0,0,1639000000,0,0,0,257000000,1704000000,252000000,0,0,0,3392000000,3649000000,1501000000
TD,2013-04-30,CAD,5917000000,5917000000,1566000000,1566000000,3554000000,1884000000,0,-2363000000,0,0,0,1566000000,0,0,0,253000000,1957000000,291000000,0,0,0,3554000000,3807000000,1697000000
TD,2013-01-31,CAD,5895000000,5895000000,1687000000,1687000000,3810000000,1894000000,0,-2085000000,0,0,0,1686000000,0,0,0,246000000,2091000000,360000000,0,0,0,3810000000,4056000000,1764000000
TD,2012-10-31,CAD,5271000000,5889000000,618000000,618000000,3529000000,1979000000,0,-1742000000,0,0,0,1780000000,0,0,0,263000000,1718000000,178000000,0,0,0,3529000000,3792000000,1571000000
TD,2012-07-31,CAD,5841000000,5841000000,1832000000,1832000000,3800000000,1933000000,0,-2041000000,0,0,0,1832000000,0,0,0,236000000,1932000000,291000000,0,0,0,3800000000,4036000000,1677000000
TD,2012-04-30,CAD,5750000000,5750000000,1803000000,1803000000,3821000000,2152000000,0,-1929000000,0,0,0,1803000000,0,0,0,242000000,1990000000,351000000,0,0,0,3821000000,4063000000,1667000000
TD,2012-01-31,CAD,5642000000,5642000000,1797000000,1797000000,3521000000,1932000000,0,-2121000000,0,0,0,1797000000,0,0,0,244000000,1689000000,272000000,0,0,0,3521000000,3765000000,1452000000
TD,2011-10-31,CAD,5337000000,5665000000,328000000,328000000,3293000000,2354000000,0,-2044000000,0,0,0,1406000000,0,0,0,317000000,1849000000,321000000,0,0,0,3293000000,3610000000,1566000000
TD,2011-07-31,CAD,5347000000,5347000000,1804000000,1804000000,3196000000,1808000000,0,-2151000000,0,0,0,1398000000,0,0,0,178000000,1766000000,348000000,0,0,0,3302000000,3480000000,1450000000
TD,2011-04-30,CAD,5122000000,5122000000,1782000000,1782000000,2984000000,1808000000,0,-2138000000,0,0,0,1365000000,0,0,0,293000000,1578000000,287000000,0,0,0,2984000000,3277000000,1332000000
TD,2011-01-31,CAD,5460000000,5460000000,1871000000,1871000000,3343000000,2138000000,0,-2117000000,0,0,0,1459000000,0,0,0,288000000,1853000000,343000000,0,0,0,3343000000,3631000000,1541000000
TD,2010-10-31,CAD,4720000000,4720000000,1510000000,1510000000,2878000000,1074000000,0,-1842000000,0,0,0,1510000000,0,0,0,332000000,1350000000,374000000,0,0,0,2878000000,3210000000,994000000
TD,2010-07-31,CAD,4744000000,4744000000,1455000000,1455000000,2942000000,1596000000,0,-1802000000,0,0,0,1455000000,0,0,0,288000000,1439000000,310000000,0,0,0,2942000000,3230000000,1177000000
TD,2010-04-30,CAD,4767000000,4767000000,1401000000,1401000000,2885000000,1946000000,0,-1882000000,0,0,0,1401000000,0,0,0,281000000,1449000000,308000000,0,0,0,2885000000,3166000000,1176000000
TD,2010-01-31,CAD,5037000000,5037000000,1478000000,1478000000,3045000000,1934000000,0,-1992000000,0,0,0,1478000000,0,0,0,292000000,1539000000,270000000,0,0,0,3045000000,3337000000,1297000000
TD,2009-10-31,CAD,4754000000,4754000000,1447000000,1447000000,2380000000,323000000,0,-2374000000,0,0,0,1447000000,0,0,0,317000000,893000000,55000000,0,0,0,2380000000,2697000000,878000000
TD,2009-07-31,CAD,4667000000,4667000000,1679000000,1679000000,2800000000,1823000000,0,-1867000000,0,0,0,1679000000,0,0,0,314000000,1065000000,209000000,0,0,0,2800000000,3114000000,912000000
TD,2009-04-30,CAD,4325000000,4325000000,1960000000,1960000000,2613000000,1922000000,0,-1712000000,0,0,0,1960000000,0,0,0,309807276,618000000,35000000,0,0,0,2613000000,2922807276,618000000
TD,2009-01-31,CAD,4239183874,4239183874,2475000000,2475000000,3129301868,1477384464,0,-1109882006,0,0,0,2475417896,0,0,0,312192724,653883972,-57767945,0,0,0,3129301868,3441494592,711651917
TD,2008-10-31,CAD,3440816756,3440816756,2690000000,2690000000,3449892502,1248441179,0,9075746,0,0,0,2493334918,0,0,0,291267207,956557584,8347107,0,0,0,3449892502,3741159709,948210477
TD,2008-07-31,CAD,4116000000,4116000000,2693000000,2693000000,3812000000,1342000000,0,-304000000,0,0,0,2693000000,0,0,0,317776820,1119000000,122000000,0,0,0,3812000000,4129776820,997000000
TD,2008-04-30,CAD,3458910991,3458910991,2712000000,2712000000,3724131003,1137231264,0,265220012,0,0,0,2712477396,0,0,0,202051727,1011653607,159734780,0,0,0,3724131003,3926182730,851918827
TD,2008-01-31,CAD,3744979919,3744979919,2957000000,2957000000,4161646587,1170682731,0,416666668,0,0,0,2956827310,0,0,0,203815261,1204819277,234939759,0,0,0,4161646587,4365461848,969879518
TD,2007-10-31,CAD,3721013566,3721013566,2893000000,2893000000,4140333823,1118616005,0,419320257,0,0,0,2892657597,0,0,0,237908856,1247676226,153671830,0,0,0,4140333823,4378242679,1094004396
TD,2007-07-31,CAD,3719518688,3719518688,2652000000,2652000000,4003833457,1160685763,0,284314769,0,0,0,2652539666,0,0,0,218056100,1351293791,248109892,0,0,0,4003833457,4221889557,1103183899
TD,2007-04-30,CAD,3564059900,3564059900,2674000000,2674000000,3787021631,1169162507,0,222961731,0,0,0,2674431503,0,0,0,204998332,1112590128,234054354,0,0,0,3787021631,3992019963,878535774
TD,2007-01-31,CAD,3537918871,3537918871,2709000000,2709000000,3847148736,1156966490,0,309229865,0,0,0,2708994709,0,0,0,199882422,1138154027,217519106,0,0,0,3847148736,4047031158,920634921
TD,2006-10-31,CAD,1783051301,1783051301,2516000000,2516000000,3453326467,1115301493,0,1670275166,0,0,0,2516040242,0,0,0,223694225,937286225,174830148,0,0,0,3453326467,3677020692,762456077
TD,2006-07-31,CAD,3339744315,3339744315,2367000000,2367000000,3398574500,1101934608,0,58830185,0,0,0,2366783573,0,0,0,209187406,1031790927,235320738,0,0,0,3398574500,3607761906,796470189
TD,2006-04-30,CAD,3152841353,3152841353,2131000000,2131000000,3113765770,1092999889,0,-39075583,0,0,0,2131293960,0,0,0,202527461,982471810,244501507,0,0,0,3113765770,3316293231,737970303
TD,2006-01-31,CAD,3403504779,3403504779,2184000000,2184000000,4710969503,1174328630,0,1307464724,0,0,0,2184797451,0,0,0,212790168,2526172052,219617660,0,0,0,4710969503,4923759671,2306554392
TD,2005-10-31,CAD,3081585528,3081585528,1810000000,1810000000,2653562486,1126024727,0,-428023042,0,0,0,1810456658,0,0,0,229937913,843105828,253323861,0,0,0,2653562486,2883500399,589781967
TD,2005-07-31,CAD,3099057182,3099057182,1737000000,1737000000,2161136280,1082404800,0,-937920902,0,0,0,1737480103,0,0,0,234910476,423656177,12244398,0,0,0,2161136280,2396046756,411411779
TD,2005-04-30,CAD,2909319900,2909319900,1620000000,1620000000,2431989925,1028967255,0,-477329975,0,0,0,1619647355,0,0,0,207041524,812342570,212846348,0,0,0,2431989925,2639031449,599496222
TD,2005-01-31,CAD,2806995783,2806995783,1601000000,1601000000,2452245100,981146118,0,-354750683,0,0,0,1601339618,0,0,0,195981146,850905482,220788886,0,0,0,2452245100,2648226246,630116596
CM,2025-01-31,CAD,7252000000,7252000000,0,0,0,2277000000,0,7252000000,0,3801000000,12719000000,8918000000,0,0,0,286000000,2830000000,659000000,0,2171000000,0,0,0,2163000000
CM,2024-10-31,CAD,6598000000,6598000000,0,0,2804000000,2207000000,0,3794000000,0,3633000000,13231000000,9598000000,0,0,0,289000000,2407000000,525000000,0,1882000000,0,2804000000,3093000000,1874000000
CM,2024-07-31,CAD,6584000000,6584000000,-463000000,-463000000,2904000000,2095000000,0,3680000000,0,3532000000,13447000000,9915000000,0,0,0,317000000,2439000000,644000000,0,1795000000,0,2904000000,3221000000,1786000000
CM,2024-04-30,CAD,6139000000,6139000000,0,0,2651000000,2009000000,0,3488000000,0,3281000000,12773000000,9492000000,0,0,0,288000000,2149000000,400000000,0,1749000000,0,2651000000,2939000000,1739000000
CM,2024-01-31,CAD,6205000000,6205000000,0,0,2831000000,1950000000,0,3374000000,0,3249000000,12734000000,9485000000,0,0,0,276000000,2171000000,443000000,0,1728000000,0,2831000000,3107000000,1716000000
CM,2023-10-31,CAD,5849000000,5849000000,0,0,1855000000,1890000000,0,-3994000000,0,3197000000,12457000000,9260000000,0,0,0,310000000,1863000000,380000000,0,1483000000,0,1855000000,2165000000,1475000000
CM,2023-07-31,CAD,5847000000,5847000000,0,0,1797000000,1888000000,0,-4050000000,0,3236000000,11619000000,8383000000,0,0,0,274000000,1807000000,377000000,0,1430000000,0,1797000000,2071000000,1420000000
CM,2023-04-30,CAD,5663000000,5663000000,0,0,9609000000,1863000000,0,3946000000,0,3187000000,10683000000,7496000000,0,0,0,282000000,2124000000,436000000,0,1688000000,0,9609000000,9891000000,1678000000
CM,2023-01-31,CAD,5931000000,5931000000,0,0,8216000000,1909000000,0,2285000000,0,3205000000,10260000000,7055000000,0,0,0,277000000,1170000000,738000000,0,432000000,0,8216000000,8493000000,424000000
CM,2022-10-31,CAD,5367000000,5367000000,0,0,6469000000,1897000000,0,1998000000,0,3185000000,8192000000,5007000000,0,0,0,278000000,1469000000,284000000,0,1185000000,0,6469000000,6747000000,1178000000
CM,2022-07-31,CAD,5554000000,5554000000,0,0,4703000000,1767000000,0,-851000000,0,3236000000,5800000000,2564000000,0,0,0,260000000,2145000000,479000000,0,1666000000,0,4703000000,4963000000,1660000000
CM,2022-04-30,CAD,5358000000,5358000000,0,0,3112000000,1746000000,0,-2246000000,0,3088000000,4246000000,1158000000,0,0,0,256000000,1959000000,436000000,0,1523000000,0,3112000000,3368000000,1518000000
CM,2022-01-31,CAD,5485000000,5485000000,0,0,3204000000,1747000000,0,-2281000000,0,3132000000,3941000000,809000000,0,0,0,253000000,2400000000,531000000,0,1869000000,0,3204000000,3457000000,1864000000
CM,2021-10-31,CAD,5053000000,5053000000,0,0,2604000000,1669000000,0,-2449000000,0,2980000000,3737000000,757000000,0,0,0,287000000,1851000000,411000000,0,1440000000,0,2604000000,2891000000,1436000000
CM,2021-07-31,CAD,5044000000,5044000000,0,0,2999000000,1619000000,0,1674000000,0,2893000000,3660000000,767000000,0,0,0,244000000,2237000000,507000000,0,1730000000,0,2999000000,3243000000,1725000000
CM,2021-04-30,CAD,4916000000,4916000000,0,0,2966000000,1598000000,0,1648000000,0,2747000000,3573000000,826000000,0,0,0,249000000,2144000000,493000000,0,1651000000,0,2966000000,3215000000,1647000000
CM,2021-01-31,CAD,4947000000,4947000000,0,0,3018000000,1564000000,0,1609000000,0,2839000000,3771000000,932000000,0,0,0,237000000,2090000000,465000000,0,1625000000,0,3018000000,3255000000,1621000000
CM,2020-10-31,CAD,4588000000,4588000000,0,0,2425000000,1371000000,0,1442000000,0,2792000000,3800000000,1008000000,0,0,0,536000000,1418000000,402000000,0,1016000000,0,2425000000,2961000000,1015000000
CM,2020-07-31,CAD,4683000000,4683000000,0,0,2588000000,1512000000,0,1563000000,0,2729000000,3838000000,1109000000,0,0,0,249000000,1481000000,309000000,0,1172000000,0,2588000000,2837000000,1170000000
CM,2020-04-30,CAD,4554000000,4554000000,1940000000,1940000000,2410000000,1479000000,0,1551000000,0,2762000000,4702000000,1940000000,0,0,0,280000000,462000000,70000000,0,392000000,0,2410000000,2690000000,400000000
CM,2020-01-31,CAD,4837000000,4837000000,2421000000,2421000000,3943000000,1558000000,0,1635000000,0,2761000000,5182000000,2421000000,0,0,0,246000000,1529000000,317000000,0,1212000000,0,3943000000,4189000000,1205000000
CM,2019-10-31,CAD,4743000000,4734000000,-9000000,-9000000,4000000000,1436000000,0,1531000000,0,2801000000,5277000000,2476000000,0,0,0,312000000,1532000000,339000000,0,1193000000,0,4000000000,4312000000,1185000000
CM,2019-07-31,CAD,4695000000,4695000000,2577000000,2577000000,4342000000,1469000000,0,1562000000,0,2694000000,5271000000,2577000000,0,0,0,177000000,1771000000,373000000,0,1398000000,0,4342000000,4519000000,1392000000
CM,2019-04-30,CAD,4503000000,4503000000,2565000000,2565000000,4257000000,1421000000,0,1511000000,0,2460000000,5025000000,2565000000,0,0,0,178000000,1699000000,351000000,0,1348000000,0,4257000000,4435000000,1341000000
CM,2019-01-31,CAD,4535000000,4535000000,2528000000,2528000000,3991000000,1400000000,0,1481000000,0,2596000000,5124000000,2528000000,0,0,0,171000000,1467000000,285000000,0,1182000000,0,3991000000,4162000000,1178000000
CM,2018-10-31,CAD,4425000000,4425000000,-61000000,-61000000,3792000000,1353000000,0,1448000000,0,0,0,2197000000,0,0,0,162000000,1597000000,329000000,0,963892056.3,0,3792000000,3954000000,1266000000
CM,2018-07-31,CAD,4509000000,4509000000,1979000000,1979000000,3709000000,1437000000,0,1520000000,0,0,0,1979000000,0,0,0,167000000,1734000000,365000000,0,1052510187,0,3709000000,3876000000,1365000000
CM,2018-04-30,CAD,4344000000,4344000000,1753000000,1753000000,3394000000,1414000000,0,1491000000,0,0,0,1753000000,0,0,0,162000000,1647000000,328000000,0,1027258567,0,3394000000,3556000000,1313000000
CM,2018-01-31,CAD,4411000000,4411000000,1511000000,1511000000,3234000000,1461000000,0,1533000000,0,0,0,1511000000,0,0,0,166000000,1728000000,400000000,0,1078359724,0,3234000000,3400000000,1323000000
CM,2017-10-31,CAD,4243000000,4243000000,1361000000,1361000000,2826000000,1316000000,0,1405000000,0,0,0,1361000000,0,0,0,152000000,1470000000,306000000,0,1978891821,0,2826000000,2978000000,1159000000
CM,2017-07-31,CAD,4072000000,4072000000,1142000000,1142000000,2581000000,1324000000,0,1400000000,0,0,0,1142000000,0,0,0,143000000,1443000000,346000000,0,4278387691,0,2581000000,2724000000,1093000000
CM,2017-04-30,CAD,3671000000,3671000000,1063000000,1063000000,2302000000,1249000000,0,1312000000,0,0,0,1063000000,0,0,0,127000000,1244000000,194000000,0,-3346246619,0,2302000000,2429000000,1045000000
CM,2017-01-31,CAD,3887000000,3887000000,1050000000,1050000000,2768000000,1309000000,0,1363000000,0,0,0,1050000000,0,0,0,120000000,1723000000,316000000,0,1079815810,0,2768000000,2888000000,1402000000
CM,2016-10-31,CAD,3646000000,3646000000,1005000000,1005000000,2113000000,1292000000,0,1369000000,0,0,0,1005000000,0,0,0,129000000,1112000000,181000000,0,3202833706,0,2113000000,2242000000,927000000
CM,2016-07-31,CAD,3683000000,3683000000,955000000,955000000,2624000000,1274000000,0,1340000000,0,0,0,955000000,0,0,0,115000000,1675000000,234000000,0,0,0,2624000000,2739000000,1435000000
CM,2016-04-30,CAD,3552000000,3552000000,905000000,905000000,1965000000,1199000000,0,1262000000,0,0,0,905000000,0,0,0,112000000,1065000000,124000000,0,0,0,1965000000,2077000000,936000000
CM,2016-01-31,CAD,3558000000,3558000000,861000000,861000000,2017000000,1217000000,0,1280000000,0,0,0,861000000,0,0,0,106000000,1161000000,179000000,0,0,0,2017000000,2123000000,977000000
CM,2015-10-31,CAD,3442000000,3442000000,810000000,810000000,1710000000,1379000000,0,1459000000,0,0,0,810000000,0,0,0,109000000,902000000,124000000,0,2741504391,0,1710000000,1819000000,776000000
CM,2015-07-31,CAD,3477000000,3477000000,866000000,866000000,2013000000,1231000000,0,1301000000,0,0,0,866000000,0,0,0,112000000,1152000000,174000000,0,0,0,2013000000,2125000000,973000000
CM,2015-04-30,CAD,3340000000,3340000000,877000000,877000000,1966000000,1178000000,0,1248000000,0,0,0,877000000,0,0,0,110000000,1093000000,182000000,0,0,0,1966000000,2076000000,907000000
CM,2015-01-31,CAD,3416000000,3416000000,1015000000,1015000000,2089000000,1311000000,0,1372000000,0,0,0,1015000000,0,0,0,104000000,1077000000,154000000,0,0,0,2089000000,2193000000,920000000
CM,2014-10-31,CAD,3178000000,3178000000,1018000000,1018000000,1952000000,1167000000,0,1245000000,0,0,0,1018000000,0,0,0,96000000,936000000,125000000,0,2853465874,0,1952000000,2048000000,809000000
CM,2014-07-31,CAD,3260000000,3260000000,998000000,998000000,2111000000,1176000000,0,1246000000,0,0,0,998000000,0,0,0,101000000,1116000000,195000000,0,0,0,2111000000,2212000000,918000000
CM,2014-04-30,CAD,3115000000,3115000000,965000000,965000000,1401000000,1133000000,0,1205000000,0,0,0,965000000,0,0,0,521000000,425000000,119000000,0,0,0,1401000000,1922000000,317000000
CM,2014-01-31,CAD,3593000000,3593000000,1037000000,1037000000,2471000000,1160000000,0,1225000000,0,0,0,1037000000,0,0,0,95000000,1437000000,260000000,0,0,0,2471000000,2566000000,1174000000
CM,2013-10-31,CAD,3137000000,3137000000,1066000000,1066000000,2069000000,1016000000,0,1095000000,0,0,0,1065000000,0,0,0,98000000,997000000,161000000,0,0,0,2069000000,2167000000,843000000
CM,2013-07-31,CAD,3223000000,3223000000,1099000000,1099000000,2168000000,1079000000,0,1138000000,0,0,0,1099000000,0,0,0,88000000,1069000000,179000000,0,0,0,2168000000,2256000000,890000000
CM,2013-04-30,CAD,3110000000,3110000000,1072000000,1072000000,2122000000,1037000000,0,1088000000,0,0,0,1071000000,0,0,0,86000000,1053000000,177000000,0,0,0,2122000000,2208000000,874000000
CM,2013-01-31,CAD,3156000000,3156000000,1121000000,1121000000,2048000000,1082000000,0,1129000000,0,0,0,1121000000,0,0,0,82000000,929000000,131000000,0,0,0,2048000000,2130000000,796000000
CM,2012-10-31,CAD,3115000000,3115000000,1121000000,1121000000,2121000000,1001000000,0,1070000000,0,0,0,1121000000,0,0,0,83000000,1002000000,150000000,0,0,0,2121000000,2204000000,850000000
CM,2012-07-31,CAD,3149000000,3149000000,1137000000,1137000000,2136000000,1385000000,0,1448000000,0,0,0,1137000000,0,0,0,91000000,1001000000,160000000,0,0,0,2136000000,2227000000,839000000
CM,2012-04-30,CAD,3084000000,3084000000,1150000000,1150000000,2161000000,1336000000,0,1388000000,0,0,0,1150000000,0,0,0,92000000,1012000000,201000000,0,0,0,2161000000,2253000000,810000000
CM,2012-01-31,CAD,3157000000,3157000000,1173000000,1173000000,2198000000,1333000000,0,1382000000,0,0,0,1173000000,0,0,0,91000000,1028000000,193000000,0,0,0,2198000000,2289000000,832000000
CM,2011-10-31,CAD,3154000000,3154000000,1207000000,1207000000,1942000000,74000000,0,135000000,0,0,0,899000000,0,0,0,92000000,1045000000,249000000,0,0,0,1942000000,2034000000,794000000
CM,2011-07-31,CAD,3057000000,3057000000,1262000000,1262000000,1981000000,1374000000,0,1429000000,0,0,0,942000000,0,0,0,87000000,1042000000,231000000,0,0,0,1981000000,2068000000,808000000
CM,2011-04-30,CAD,2889000000,2889000000,1224000000,1224000000,1830000000,1327000000,0,1378000000,0,0,0,931000000,0,0,0,87000000,901000000,221000000,0,0,0,1830000000,1917000000,678000000
CM,2011-01-31,CAD,3101000000,3101000000,1278000000,1278000000,2044000000,1376000000,0,1376000000,0,0,0,977000000,0,0,0,90000000,1070000000,268000000,0,0,0,2044000000,2134000000,799000000
CM,2010-10-31,CAD,3255000000,3255000000,851000000,851000000,2093000000,47000000,0,244000000,0,0,0,851000000,0,0,0,96000000,1244000000,742000000,0,0,0,2093000000,2189000000,500000000
CM,2010-07-31,CAD,2849000000,2849000000,764000000,764000000,1648000000,1292000000,0,1292000000,0,0,0,764000000,0,0,0,91000000,887000000,244000000,0,0,0,1648000000,1739000000,640000000
CM,2010-04-30,CAD,2921000000,2921000000,619000000,619000000,1540000000,1240000000,0,1240000000,0,0,0,619000000,0,0,0,94000000,927000000,261000000,0,0,0,1540000000,1634000000,660000000
CM,2010-01-31,CAD,3061000000,3061000000,657000000,657000000,1595000000,1292000000,0,1292000000,0,0,0,657000000,0,0,0,94000000,954000000,286000000,0,0,0,1595000000,1689000000,652000000
CM,2009-10-31,CAD,2890000000,2890000000,690000000,690000000,1479000000,91000000,0,82000000,0,0,0,690000000,0,0,0,102000000,795000000,145000000,0,0,0,1479000000,1581000000,644000000
CM,2009-07-31,CAD,2857000000,2857000000,803000000,803000000,1409000000,1238000000,0,1238000000,0,0,0,803000000,0,0,0,98000000,611000000,172000000,0,0,0,1409000000,1507000000,434000000
CM,2009-04-30,CAD,2161000000,2161000000,948000000,948000000,1071000000,1218000000,0,1218000000,0,0,0,948000000,0,0,0,99999754,128000000,174000000,0,0,0,1071000000,1170999754,-51000000
CM,2009-01-31,CAD,2021999753,2021999753,1462000000,1462000000,1541999754,931999754,0,978999508,0,0,0,1461999754,0,0,0,103000246,80000000,-66999754,0,0,0,1541999754,1645000000,146999754
CM,2008-10-31,CAD,2167776118,2167776118,1850000000,1850000000,1837581105,980005987,0,1030642488,0,0,0,1682943388,0,0,0,56978618,154637717,-340237191,0,0,0,1837581105,1894559723,494874908
CM,2008-07-31,CAD,1905000000,1905000000,1986000000,1986000000,1956000000,942000000,0,993000000,0,0,0,1986000000,0,0,0,65767834,-30000000,-101000000,0,0,0,1956000000,2021767834,71000000
CM,2008-04-30,CAD,126582278,126582278,2269000000,2269000000,426964034,933293148,0,933293148,0,0,0,2269439421,0,0,0,60314797,-1842475387,-731364276,0,0,0,426964034,487278831,-1111111111
CM,2008-01-31,CAD,-521084337,-521084337,2851000000,2851000000,393574297,993975904,0,1047188755,0,0,0,2851405622,0,0,0,62248996,-2457831325,-1002008032,0,0,0,393574297,455823293,-1455823293
CM,2007-10-31,CAD,2945595246,2945595246,2998000000,2998000000,3927080195,1005984240,0,1077304868,0,0,0,2998261519,0,0,0,60904929,928818676,44893104,0,0,0,3927080195,3987985124,883925572
CM,2007-07-31,CAD,2978383559,2978383559,2884000000,2884000000,3876051539,1099989351,0,1158556064,0,0,0,2884676818,0,0,0,62998446,991374721,156532851,0,0,0,3876051539,3939049985,834841870
CM,2007-04-30,CAD,3050471436,3050471436,2689000000,2689000000,3587354410,1125901276,0,1191347754,0,0,0,2688851914,0,0,0,60479253,898502496,90959512,0,0,0,3587354410,3647833663,807542984
CM,2007-01-31,CAD,3634332745,3634332745,2652000000,2652000000,4295120517,1363903586,0,1422692534,0,0,0,3118165785,0,0,0,68195179,1176954732,271604938,0,0,0,4295120517,4363315696,905349794
CM,2006-10-31,CAD,2887605838,2887605838,2524000000,2524000000,3428971603,1063653354,0,1131789795,0,0,0,2523331372,0,0,0,58509447,934640231,86769997,0,0,0,3428971603,3487481050,818870234
CM,2006-07-31,CAD,2830636950,2830636950,2309000000,2309000000,3095372780,1089489761,0,1142663197,0,0,0,2309084738,0,0,0,57030912,786288042,124448467,0,0,0,3095372780,3152403692,661839575
CM,2006-04-30,CAD,2766551301,2766551301,2076000000,2076000000,2850284694,1053924305,0,1107513676,0,0,0,2075471698,0,0,0,58012213,774812996,189795691,0,0,0,2850284694,2908296907,585017305
CM,2006-01-31,CAD,2849340010,2849340010,1925000000,1925000000,2743513883,1079881657,0,1126536186,0,0,0,1925352754,0,0,0,61447428,818161129,237824306,0,0,0,2743513883,2804961311,580336823
CM,2005-10-31,CAD,3422712235,3422712235,1729000000,1729000000,2893709846,1136788348,0,1205546665,0,0,0,1729093362,0,0,0,56555703,1164616484,436120335,0,0,0,2893709846,2950265549,728496149
CM,2005-07-31,CAD,3151708093,3151708093,1662000000,1662000000,-351414228,1077507041,0,1135055712,0,0,0,1661564834,0,0,0,54363123,-2012979062,-106526264,0,0,0,-351414228,-297051105,-1906452798
CM,2005-04-30,CAD,2819899244,2819899244,1506000000,1506000000,2122166246,1055415617,0,1123425693,0,0,0,1506297229,0,0,0,57551770,615869017,176322418,0,0,0,2122166246,2179718016,439546599
CM,2005-01-31,CAD,3078640536,3078640536,1422000000,1422000000,2411312329,1054328951,0,1118829075,0,0,0,1421483503,0,0,0,57057802,989828826,282808236,0,0,0,2411312329,2468370131,707020590
BNS,2025-01-31,USD,9259000000,9259000000,0,0,0,2709000000,0,9259000000,0,5173000000,14980000000,9807000000,0,0,0,403000000,1719000000,726000000,0,993000000,0,0,0,1147000000
BNS,2024-10-31,CAD,8485000000,8485000000,0,0,0,2499000000,0,8485000000,0,4923000000,15325000000,10402000000,0,0,0,501000000,2200000000,511000000,0,1689000000,0,0,0,1642000000
BNS,2024-07-31,USD,8453000000,8453000000,-1141000000,-1141000000,2073000000,2455000000,0,8453000000,0,4862000000,15683000000,10821000000,0,0,0,428000000,2363000000,451000000,0,1912000000,0,2327000000,2755000000,1876000000
BNS,2024-04-30,CAD,18563000000,18563000000,0,0,31000000,2455000000,0,976000000,0,4694000000,15212000000,10518000000,0,0,0,410000000,2572000000,537000000,0,2092000000,0,31000000,441000000,2066000000
BNS,2024-01-31,CAD,18825000000,18825000000,0,0,21000000,2446000000,0,981000000,0,4773000000,15439000000,135000000,0,0,0,421000000,2686000000,533000000,0,2199000000,0,21000000,442000000,2174000000
BNS,2023-10-31,CAD,7923000000,7923000000,0,0,1492000000,2452000000,0,-6431000000,0,4672000000,15109000000,10437000000,0,0,0,590000000,1523000000,138000000,0,1385000000,0,1492000000,2082000000,1354000000
BNS,2023-07-31,CAD,8035000000,8035000000,0,0,2688000000,2379000000,0,-5347000000,0,4580000000,14689000000,10109000000,0,0,0,412000000,2709000000,497000000,0,2212000000,0,2688000000,3100000000,2172000000
BNS,2023-04-30,CAD,7865000000,7865000000,0,0,12022000000,2425000000,0,4157000000,0,4466000000,13870000000,9404000000,0,0,0,412000000,2644000000,485000000,0,2159000000,0,12022000000,12434000000,2122000000
BNS,2023-01-31,CAD,7964000000,7964000000,0,0,11425000000,2340000000,0,3461000000,0,4569000000,13156000000,8587000000,0,0,0,406000000,2878000000,1106000000,0,1772000000,0,11425000000,11831000000,1721000000
BNS,2022-10-31,CAD,7577000000,7577000000,0,0,9026000000,2187000000,0,1449000000,0,4622000000,11118000000,6496000000,0,0,0,394000000,2568000000,475000000,0,2093000000,0,9026000000,9420000000,2055000000
BNS,2022-07-31,CAD,7755000000,7755000000,0,0,7351000000,2194000000,0,-404000000,0,4676000000,8885000000,4209000000,0,0,0,381000000,3196000000,602000000,0,2594000000,0,7351000000,7732000000,2540000000
BNS,2022-04-30,CAD,7858000000,7858000000,0,0,6105000000,2175000000,0,-1753000000,0,4473000000,7092000000,2619000000,0,0,0,381000000,3564000000,817000000,0,2747000000,0,6105000000,6486000000,2669000000
BNS,2022-01-31,CAD,7958000000,7958000000,0,0,5635000000,2280000000,0,-2323000000,0,4344000000,6463000000,2119000000,0,0,0,375000000,3604000000,864000000,0,2740000000,0,5635000000,6010000000,2652000000
BNS,2021-10-31,CAD,7591000000,7591000000,0,0,5147000000,2054000000,0,-2444000000,0,4217000000,6186000000,1969000000,0,0,0,383000000,3248000000,689000000,0,2559000000,0,5147000000,5530000000,2489000000
BNS,2021-07-31,CAD,7684000000,7684000000,0,0,5083000000,2131000000,0,-2601000000,0,4217000000,6101000000,1884000000,0,0,0,373000000,3280000000,738000000,0,2542000000,0,5083000000,5456000000,2461000000
BNS,2021-04-30,CAD,7623000000,7623000000,0,0,5119000000,2128000000,0,-2504000000,0,4176000000,6187000000,2011000000,0,0,0,375000000,3198000000,742000000,0,2456000000,0,5119000000,5494000000,2366000000
BNS,2021-01-31,CAD,8015000000,8015000000,0,0,5171000000,2228000000,0,-2844000000,0,4351000000,6512000000,2161000000,0,0,0,380000000,3100000000,702000000,0,2398000000,0,5171000000,5551000000,2308000000
BNS,2020-10-31,CAD,7456000000,7464000000,8000000,8000000,4639000000,2071000000,0,-2817000000,0,4258000000,6652000000,2394000000,0,0,0,407000000,2317000000,418000000,0,1899000000,0,4639000000,5046000000,1827000000
BNS,2020-07-31,CAD,7648000000,7648000000,0,0,4319000000,2066000000,0,-3329000000,0,4253000000,6986000000,2733000000,0,0,0,377000000,1535000000,231000000,0,1304000000,0,4319000000,4696000000,1355000000
BNS,2020-04-30,CAD,7896000000,7896000000,0,0,5153000000,2192000000,0,-2743000000,0,4417000000,7838000000,3421000000,0,0,0,363000000,1747000000,423000000,0,1324000000,0,5153000000,5516000000,1309000000
BNS,2020-01-31,CAD,7788000000,7788000000,0,0,6602000000,2295000000,0,-1186000000,0,4392000000,8236000000,3844000000,0,0,0,399000000,2797000000,471000000,0,2326000000,0,6602000000,7001000000,2287000000
BNS,2019-10-31,CAD,7806000000,7806000000,-2000000,-2000000,6713000000,2115000000,0,-1095000000,0,4336000000,8252000000,3916000000,0,0,0,271000000,2904000000,596000000,0,2308000000,0,6713000000,6984000000,2201000000
BNS,2019-07-31,CAD,7149000000,7149000000,0,0,6683000000,2138000000,0,-466000000,0,4374000000,8440000000,4066000000,0,0,0,276000000,2737000000,753000000,0,1984000000,0,6683000000,6959000000,1864000000
BNS,2019-04-30,CAD,7460000000,7460000000,0,0,6722000000,2026000000,0,-738000000,0,4193000000,8101000000,3908000000,0,0,0,258000000,2884000000,625000000,0,2259000000,0,6722000000,6980000000,2189000000
BNS,2019-01-31,CAD,7475000000,7475000000,0,0,6351000000,2164000000,0,-1124000000,0,4274000000,7991000000,3717000000,0,0,0,248000000,2745000000,498000000,0,2247000000,0,6351000000,6599000000,2136000000
BNS,2018-10-31,CAD,7279000000,7279000000,0.02,0.02,6202000000,1972000000,0,-1077000000,0,0,0,3500000000,0,0,0,233000000,2794000000,523000000,0,1726339795,0,6202000000,6435000000,2179000000
BNS,2018-07-31,CAD,7055000000,7055000000,13.69,13.69,5558000000,1879000000,0,-1497000000,0,0,0,3046000000,0,0,0,212000000,2468000000,529000000,0,1490735758,0,5558000000,5770000000,1983000000
BNS,2018-04-30,CAD,6904000000,6904000000,430840428.1,430840428.1,5513000000,1902000000,0,-1391000000,0,0,0,2785000000,0,0,0,204000000,2798000000,621000000,0,1695482866,0,5513000000,5717000000,2107000000
BNS,2018-01-31,CAD,6978000000,6978000000,2403572879,2403572879,5533000000,1702000000,0,-1445000000,0,0,0,2545000000,0,0,0,199000000,3046000000,709000000,0,1897685749,0,5533000000,5732000000,2279000000
BNS,2017-10-31,CAD,6715000000,6715000000,2216358839,2216358839,4969000000,1809000000,0,-1746000000,0,0,0,2416000000,0,0,0,195000000,2608000000,538000000,0,4376843086,0,4969000000,5164000000,2015000000
BNS,2017-07-31,CAD,6781000000,6781000000,2193284718,2193284718,4876000000,1849000000,0,-1905000000,0,0,0,2285000000,0,0,0,191000000,2649000000,546000000,0,-2632422470,0,4876000000,5067000000,2045000000
BNS,2017-04-30,CAD,6483000000,6483000000,1893136467,1893136467,4435000000,1838000000,0,-2048000000,0,0,0,2106000000,0,0,0,188000000,2393000000,332000000,0,1506468825,0,4435000000,4623000000,1997000000
BNS,2017-01-31,CAD,6769000000,6769000000,1958557176,1958557176,4650000000,1879000000,0,-2119000000,0,0,0,2085000000,0,0,0,187000000,2626000000,617000000,0,2498081351,0,4650000000,4837000000,1948000000
BNS,2016-10-31,CAD,6634000000,6634000000,1847874720,1847874720,4525000000,1747000000,0,-2109000000,0,0,0,2046000000,0,0,0,183000000,2551000000,540000000,0,5494407159,0,4525000000,4708000000,1939000000
BNS,2016-07-31,CAD,6543000000,6543000000,1879143489,1879143489,4520000000,1754000000,0,-2023000000,0,0,0,2018000000,0,0,0,173000000,2564000000,605000000,0,2083365084,0,4520000000,4693000000,1897000000
BNS,2016-04-30,CAD,6496000000,6496000000,2045654083,2045654083,3919000000,1704000000,0,-2577000000,0,0,0,1955000000,0,0,0,169000000,2025000000,441000000,0,-2182137441,0,3919000000,4088000000,1523000000
BNS,2016-01-31,CAD,6263000000,6263000000,1618269162,1618269162,4099000000,1820000000,0,-2164000000,0,0,0,1897000000,0,0,0,159000000,2258000000,444000000,0,658206065.8,0,4099000000,4258000000,1758000000
BNS,2015-10-31,CAD,6029000000,6029000000,1658648339,1658648339,4044000000,1544000000,0,-1985000000,0,0,0,1816000000,0,0,0,157000000,2288000000,445000000,0,5508209240,0,4044000000,4201000000,1783000000
BNS,2015-07-31,CAD,6004000000,6004000000,1593704637,1593704637,4047000000,1733000000,0,-1957000000,0,0,0,1789000000,0,0,0,144000000,2310000000,463000000,0,1693024677,0,4047000000,4191000000,1795000000
BNS,2015-04-30,CAD,5838000000,5838000000,1694129337,1694129337,3935000000,1690000000,0,-1903000000,0,0,0,1710000000,0,0,0,144000000,2265000000,468000000,0,-1834892771,0,3935000000,4079000000,1757000000
BNS,2015-01-31,CAD,5773000000,5773000000,1695710989,1695710989,4036000000,1714000000,0,-1737000000,0,0,0,1880000000,0,0,0,139000000,2203000000,477000000,0,-5807273017,0,4036000000,4175000000,1679000000
BNS,2014-10-31,CAD,5675000000,5675000000,1919765687,1919765687,3539000000,1581000000,0,-2136000000,0,0,0,1792000000,0,0,0,134000000,1812000000,374000000,0,6477323156,0,3539000000,3673000000,1373000000
BNS,2014-07-31,CAD,6393000000,6393000000,1861190061,1861190061,4737000000,1730000000,0,-1656000000,0,0,0,1838000000,0,0,0,134000000,2949000000,598000000,0,0,0,4737000000,4871000000,2301000000
BNS,2014-04-30,CAD,5598000000,5598000000,1786170407,1786170407,4078000000,1629000000,0,-1520000000,0,0,0,1781000000,0,0,0,129000000,2355000000,555000000,0,0,0,4078000000,4207000000,1742000000
BNS,2014-01-31,CAD,5510000000,5510000000,1799802318,1799802318,3954000000,1753000000,0,-1556000000,0,0,0,1824000000,0,0,0,129000000,2184000000,475000000,0,0,0,3954000000,4083000000,1655000000
BNS,2013-10-31,CAD,5272000000,5272000000,1912568306,1912568306,3913000000,1565000000,0,-1359000000,0,0,0,1867000000,0,0,0,131000000,2102000000,426000000,0,0,0,3913000000,4044000000,1620000000
BNS,2013-07-31,CAD,5256000000,5256000000,1911063540,1911063540,3974000000,1612000000,0,-1282000000,0,0,0,1814000000,0,0,0,131000000,2225000000,457000000,0,0,0,3974000000,4105000000,1703000000
BNS,2013-04-30,CAD,5086000000,5086000000,2011117729,2011117729,3837000000,1571000000,0,-1249000000,0,0,0,1866000000,0,0,0,130000000,2038000000,437000000,0,0,0,3837000000,3967000000,1534000000
BNS,2013-01-31,CAD,5032000000,5032000000,2003811052,2003811052,3911000000,1596000000,0,-1121000000,0,0,0,1918000000,0,0,0,128000000,2059000000,434000000,0,0,0,3911000000,4039000000,1559000000
BNS,2012-10-31,CAD,3584000000,3584000000,1885131079,1885131079,3543000000,5294000000,0,-41000000,0,0,0,1779000000,0,0,0,119000000,1830000000,311000000,0,0,0,3543000000,3662000000,1453000000
BNS,2012-07-31,CAD,5512000000,5512000000,2011763533,2011763533,4292000000,156000000,0,-1220000000,0,0,0,1850000000,0,0,0,117000000,2492000000,441000000,0,0,0,4292000000,4409000000,2001000000
BNS,2012-04-30,CAD,4704000000,4704000000,1802066451,1802066451,3576000000,1515000000,0,-1128000000,0,0,0,1770000000,0,0,0,108000000,1875000000,415000000,0,0,0,3576000000,3684000000,1391000000
BNS,2012-01-31,CAD,4716000000,4716000000,1774852927,1774852927,4242000000,142000000,0,-474000000,0,0,0,2431000000,0,0,0,106000000,1849000000,413000000,0,0,0,4242000000,4348000000,1398000000
BNS,2011-10-31,CAD,4346000000,4346000000,2073829532,2073829532,3761000000,5002000000,0,-585000000,0,0,0,2223000000,0,0,0,106000000,1555000000,315000000,0,0,0,4242000000,3761000000,1223000000
BNS,2011-07-31,CAD,4300000000,4300000000,2463677224,2463677224,4236000000,128000000,0,-64000000,0,0,0,2586000000,0,0,0,0,1676000000,391000000,0,0,0,1676000000,4236000000,1259000000
BNS,2011-04-30,CAD,4517000000,4517000000,2329545455,2329545455,4273000000,132000000,0,-244000000,0,0,0,2420000000,0,0,0,0,1877000000,334000000,0,0,0,1877000000,4273000000,1519000000
BNS,2011-01-31,CAD,3906000000,3906000000,1997403376,1997403376,3463000000,86000000,0,-443000000,0,0,0,1963000000,0,0,0,0,1526000000,512000000,0,0,0,1570000000,3463000000,988000000
BNS,2010-10-31,CAD,3942000000,3942000000,1926181102,1926181102,3614000000,4396000000,0,-328000000,0,0,0,2132000000,0,0,0,0,1505000000,390000000,0,0,0,1505000000,3614000000,1092000000
BNS,2010-07-31,CAD,3784000000,3784000000,2045543393,2045543393,3665000000,84000000,0,-119000000,0,0,0,2204000000,0,0,0,0,1485000000,399000000,0,0,0,1485000000,3665000000,1062000000
BNS,2010-04-30,CAD,3873000000,3873000000,1952633648,1952633648,3512000000,81000000,0,-361000000,0,0,0,1971000000,0,0,0,0,1568000000,444000000,0,0,0,1568000000,3512000000,1097000000
BNS,2010-01-31,CAD,3906000000,3906000000,1855165270,1855165270,3463000000,86000000,0,-443000000,0,0,0,1963000000,0,0,0,0,1526000000,512000000,0,0,0,1526000000,3463000000,988000000
BNS,2009-10-31,CAD,3735000000,3735000000,1939703154,1939703154,3217000000,4079000000,0,-518000000,0,0,0,1994000000,0,0,0,0,1251000000,321000000,0,0,0,1251000000,3217000000,902000000
BNS,2009-07-31,CAD,3775000000,3775000000,2188311688,2188311688,3745000000,86000000,0,-30000000,0,0,0,2511000000,0,0,0,0,1262000000,303000000,0,0,0,1262000000,3745000000,931000000
BNS,2009-04-30,CAD,3596000000,3596000000,2177554439,2177554439,3889000000,89000000,0,293000000,0,0,0,2698000000,0,0,0,0,1221000000,319000000,0,0,0,1221000000,3889000000,872000000
BNS,2009-01-31,CAD,3351769911,3351769911,2440849831,2440849831,4435840709,1129547690,0,1084070798,0,0,0,3403392331,0,0,0,0,1032448378,190511308,0,0,0,1032448378,4435840709,841937070
BNS,2008-10-31,CAD,2271167837,2271167837,2810721649,2810721649,3850010806,986121635,0,1578842969,0,0,0,3615566642,0,0,0,0,234444164,-13781870,0,0,0,234444164,3850010806,248226034
BNS,2008-07-31,CAD,3374000000,3374000000,2992672203,2992672203,4851000000,1068000000,0,1477000000,0,0,0,3554000000,0,0,0,0,1297000000,287000000,0,0,0,1297000000,4851000000,1010000000
BNS,2008-04-30,CAD,3171589310,3171589310,3078832407,3078832407,4777978702,1004621258,0,1606389392,0,0,0,3589511754,0,0,0,0,1188466948,208961222,0,0,0,1188466948,4777978702,979505726
BNS,2008-01-31,CAD,2839357430,2839357430,3176927675,3176927675,4755020080,977911647,0,1915662650,0,0,0,3726907631,0,0,0,0,1028112449,192771084,0,0,0,1028112449,4755020080,835341365
BNS,2007-10-31,CAD,3077627496,3077627496,3245047145,3245047145,4803142140,962681207,0,1725514644,0,0,0,3645417929,0,0,0,0,1157724211,203952945,0,0,0,1157724211,4803142140,953771266
BNS,2007-07-31,CAD,3200937067,3200937067,2668415628,2668415628,4861037163,1012671707,0,1660100096,0,0,0,3533170056,0,0,0,0,1327867107,296028112,0,0,0,1327867107,4861037163,1031838995
BNS,2007-04-30,CAD,3101497505,3101497505,2362062748,2362062748,4770937327,1003882419,0,1669439822,0,0,0,3445368830,0,0,0,0,1325568497,286189684,0,0,0,1325568497,4770937327,1039378813
BNS,2007-01-31,CAD,3108759552,3108759552,2201156266,2201156266,4611405056,1002939447,0,1502645504,0,0,0,3313345091,0,0,0,0,1298059965,277483833,0,0,0,1298059965,4611405056,1020576132
BNS,2006-10-31,CAD,2866915412,2866915412,2328730512,2328730512,4401665853,965177367,0,1534750441,0,0,0,3301921466,0,0,0,0,1099744387,203132677,0,0,0,1099744387,4401665853,896611710
BNS,2006-07-31,CAD,2889467135,2889467135,2075455027,2075455027,4189387940,940151601,0,1299920805,0,0,0,3009390203,0,0,0,0,1179997737,244371535,0,0,0,1179997737,4189387940,935626202
BNS,2006-04-30,CAD,2716311264,2716311264,1776439932,1776439932,3673104835,927765993,0,956793571,0,0,0,2578988501,0,0,0,0,1094116334,199843698,0,0,0,1094116334,3673104835,894272636
BNS,2006-01-31,CAD,2734410559,2734410559,1636395543,1636395543,3462676377,934228493,0,728265818,0,0,0,2385070551,0,0,0,0,1077605826,225307237,0,0,0,1077605826,3462676377,852298589
BNS,2005-10-31,CAD,2660599291,2660599291,1334518067,1334518067,3160217292,861591703,0,499618001,0,0,0,2134737016,0,0,0,0,1025480276,213581688,0,0,0,1025480276,3160217292,811898588
BNS,2005-07-31,CAD,2608056813,2608056813,1307863685,1307863685,3072119506,874250031,0,464062693,0,0,0,2083996572,0,0,0,0,988122934,204481450,0,0,0,988122934,3072119506,783641484
BNS,2005-04-30,CAD,2594458439,2594458439,1131488717,1131488717,2958438288,882871536,0,363979849,0,0,0,1906801008,0,0,0,0,1051637280,225440806,0,0,0,1051637280,2958438288,826196474
BNS,2005-01-31,CAD,2537831804,2537831804,1131710463,1131710463,2797072686,869511288,0,259240882,0,0,0,1807243860,0,0,0,0,989828826,202183081,0,0,0,989828826,2797072686,787645745
BMO,2025-01-31,CAD,9217000000,9217000000,0,0,0,3235000000,0,9217000000,0,5398000000,16623000000,11225000000,0,0,0,545000000,2828000000,690000000,0,2138000000,0,0,0,2134000000
BMO,2024-10-31,CAD,8318000000,8318000000,0,0,0,2694000000,0,8318000000,0,5438000000,16864000000,11426000000,0,0,0,524000000,3007000000,703000000,0,2304000000,0,0,0,2301000000
BMO,2024-07-31,CAD,8192000000,7286000000,-906000000,-906000000,3022000000,2689000000,0,8154000000,0,4794000000,17103000000,12309000000,0,0,0,530000000,2447000000,582000000,0,1865000000,0,0,530000000,1865000000
BMO,2024-04-30,CAD,19491000000,19491000000,0,0,1866000000,2619000000,0,953000000,0,4515000000,16164000000,11649000000,0,0,0,516000000,2358000000,559000000,0,1866000000,0,1866000000,2382000000,1862000000
BMO,2024-01-31,CAD,19491000000,19491000000,-11184000000,-11184000000,1866000000,2619000000,0,953000000,0,4721000000,15854000000,11649000000,0,0,0,516000000,2358000000,559000000,0,1292000000,0,1866000000,2382000000,1862000000
BMO,2023-10-31,CAD,18832000000,7648000000,-11184000000,-11184000000,36000000,2870000000,0,1428000000,0,4941000000,15600000000,11133000000,0,0,0,523000000,1656000000,364000000,0,1617000000,0,36000000,559000000,1290000000
BMO,2023-07-31,CAD,7938000000,7934000000,-4000000,-4000000,1793000000,3069000000,0,-6145000000,0,4905000000,14821000000,9916000000,0,0,0,538000000,1795000000,341000000,0,1454000000,0,1807000000,2345000000,1452000000
BMO,2023-04-30,CAD,8381000000,8381000000,0,0,10218000000,3566000000,0,1837000000,0,4814000000,13782000000,8968000000,0,0,0,566000000,1253000000,194000000,0,1059000000,0,10218000000,10784000000,1026000000
BMO,2023-01-31,CAD,7047000000,7047000000,0,0,7989000000,2552000000,0,7983000000,0,4021000000,11371000000,7350000000,0,0,0,384000000,500000000,367000000,0,247000000,0,7971000000,8355000000,133000000
BMO,2022-10-31,CAD,6485000000,6485000000,0,0,11294000000,1905000000,0,10774000000,0,3767000000,9124000000,5357000000,0,0,0,379000000,5937000000,1454000000,0,4483000000,0,11272000000,11651000000,4483000000
BMO,2022-07-31,CAD,6945000000,6945000000,0,0,4538000000,2548000000,0,-2407000000,0,4197000000,7044000000,2847000000,0,0,0,343000000,1691000000,326000000,0,1365000000,0,4538000000,4881000000,1365000000
BMO,2022-04-30,CAD,5705000000,5705000000,0,0,7984000000,1279000000,0,2279000000,0,3902000000,5523000000,1621000000,0,0,0,339000000,6363000000,1607000000,0,4756000000,0,7984000000,8323000000,4756000000
BMO,2022-01-31,CAD,7124000000,7124000000,29000000,29000000,5082000000,2380000000,0,-2013000000,0,4019000000,5206000000,1187000000,0,0,0,345000000,3895000000,962000000,0,2933000000,0,5082000000,5427000000,2933000000
BMO,2021-10-31,CAD,6508000000,6508000000,0,0,4071000000,2156000000,0,-2437000000,0,3756000000,5028000000,1272000000,0,0,0,366000000,2799000000,640000000,0,2159000000,0,4071000000,4437000000,2159000000
BMO,2021-07-31,CAD,7495000000,7495000000,0,0,4338000000,3086000000,0,-3157000000,0,3521000000,4895000000,1374000000,0,0,0,352000000,2964000000,689000000,0,2275000000,0,4338000000,4690000000,2275000000
BMO,2021-04-30,CAD,6270000000,6270000000,0,0,3336000000,2042000000,0,-2934000000,0,3455000000,4901000000,1446000000,0,0,0,355000000,1890000000,587000000,0,1303000000,0,3336000000,3691000000,1303000000
BMO,2021-01-31,CAD,6919000000,6919000000,0,0,4090000000,2720000000,0,-2829000000,0,3578000000,5063000000,1485000000,0,0,0,352000000,2605000000,588000000,0,2017000000,0,4090000000,4442000000,2017000000
BMO,2020-10-31,CAD,5937000000,5937000000,0,0,3621000000,1950000000,0,-2316000000,0,3530000000,5145000000,1615000000,0,0,0,362000000,2006000000,422000000,0,1584000000,0,3621000000,3983000000,1584000000
BMO,2020-07-31,CAD,7137000000,7137000000,0,0,3469000000,3153000000,0,-3668000000,0,3535000000,3535000000,1967000000,0,0,0,352000000,1502000000,270000000,0,1232000000,0,3469000000,3821000000,1232000000
BMO,2020-04-30,CAD,5427000000,5427000000,0,0,3462000000,1902000000,0,-1965000000,0,3518000000,3518000000,2635000000,0,0,0,357000000,827000000,138000000,0,689000000,0,3462000000,3819000000,689000000
BMO,2020-01-31,CAD,6721000000,6721000000,0,0,5140000000,2844000000,0,-1581000000,0,3388000000,6515000000,3127000000,0,0,0,350000000,2013000000,421000000,0,1592000000,0,5140000000,5490000000,1592000000
BMO,2019-10-31,CAD,6048000000,6048000000,0,0,4830000000,2716000000,0,-1218000000,0,3364000000,6682000000,3318000000,0,0,0,257000000,1512000000,318000000,0,1194000000,0,4830000000,5087000000,1194000000
BMO,2019-07-31,CAD,6635000000,6635000000,0,0,5468000000,2847000000,0,-1167000000,0,3217000000,6703000000,3486000000,0,0,0,245000000,1982000000,425000000,0,1557000000,0,5468000000,5713000000,1557000000
BMO,2019-04-30,CAD,6161000000,6161000000,0,0,5148000000,2571000000,0,-1013000000,0,3135000000,6402000000,3267000000,0,0,0,249000000,1881000000,384000000,0,1497000000,0,5148000000,5397000000,1497000000
BMO,2019-01-31,CAD,6488000000,6488000000,0,0,5056000000,2998000000,0,-1432000000,0,3172000000,6343000000,3159000000,0,0,0,238000000,1897000000,387000000,0,1510000000,0,5056000000,5294000000,1510000000
BMO,2018-10-31,CAD,5855000000,5884000000,29000000,29000000,4998000000,2002000000,0,-857000000,0,0,0,2769000000,0,0,0,125000000,2133000000,438000000,0,979462916.3,0,5103000000,5228000000,1695000000
BMO,2018-07-31,CAD,5776000000,5776000000,0.19,0.19,4465000000,2142000000,0,-1311000000,0,0,0,2486000000,0,0,0,226000000,1979000000,443000000,0,1180902591,0,4465000000,4691000000,1536000000
BMO,2018-04-30,CAD,5576000000,5576000000,153036727.6,153036727.6,3629000000,2343000000,0,-1947000000,0,0,0,2066000000,0,0,0,227000000,1563000000,317000000,0,970404984.4,0,3629000000,3856000000,1246000000
BMO,2018-01-31,CAD,5634000000,5634000000,1382866423,1382866423,3552000000,2324000000,0,-2082000000,0,0,0,1817000000,0,0,0,220000000,1735000000,762000000,0,790093382.1,0,3552000000,3772000000,973000000
BMO,2017-10-31,CAD,5608000000,5608000000,1455843551,1455843551,3166000000,2415000000,0,-2442000000,0,0,0,1661000000,0,0,0,127000000,1505000000,278000000,0,-23107248176,0,3270000000,3397000000,1227000000
BMO,2017-07-31,CAD,5401000000,5401000000,1093837647,1093837647,3299000000,2117000000,0,-2102000000,0,0,0,1505000000,0,0,0,212000000,1794000000,407000000,0,20920746855,0,3299000000,3511000000,1387000000
BMO,2017-04-30,CAD,5703000000,5703000000,1372706673,1372706673,2863000000,2486000000,0,-2840000000,0,0,0,1366000000,0,0,0,218000000,1498000000,250000000,0,-4525984943,0,2863000000,3081000000,1247000000
BMO,2017-01-31,CAD,5162000000,5162000000,812739831.2,812739831.2,3142000000,1987000000,0,-2020000000,0,0,0,1294000000,0,0,0,215000000,1849000000,361000000,0,1141980046,0,3142000000,3357000000,1487000000
BMO,2016-10-31,CAD,5184000000,5184000000,600017461.1,600017461.1,2924000000,1886000000,0,-2260000000,0,0,0,1223000000,0,0,0,111000000,1702000000,357000000,0,2575237129,0,3022000000,3133000000,1344000000
BMO,2016-07-31,CAD,5583000000,5583000000,1313723996,1313723996,2799000000,2458000000,0,-2784000000,0,0,0,1206000000,0,0,0,208000000,1593000000,348000000,0,0,0,2799000000,3007000000,1245000000
BMO,2016-04-30,CAD,5164000000,5164000000,1052757602,1052757602,2312000000,2311000000,0,-2852000000,0,0,0,1131000000,0,0,0,205000000,1181000000,208000000,0,0,0,2312000000,2517000000,973000000
BMO,2016-01-31,CAD,5016000000,5016000000,887646088.8,887646088.8,2318000000,2270000000,0,-2698000000,0,0,0,1070000000,0,0,0,206000000,1256000000,188000000,0,0,0,2318000000,2524000000,1060000000
BMO,2015-10-31,CAD,4982000000,4982000000,789614356.6,789614356.6,2511000000,265000000,0,-2471000000,0,0,0,1023000000,0,0,0,206000000,1496000000,282000000,0,3363879343,0,2511000000,2717000000,1206000000
BMO,2015-07-31,CAD,4826000000,4826000000,796088318.4,796088318.4,2549000000,1944000000,0,-2277000000,0,0,0,1079000000,0,0,0,199000000,1477000000,285000000,0,0,0,2549000000,2748000000,1185000000
BMO,2015-04-30,CAD,4526000000,4526000000,702989152.9,702989152.9,2334000000,1867000000,0,-2192000000,0,0,0,1111000000,0,0,0,196000000,1229000000,230000000,0,0,0,2334000000,2530000000,993000000
BMO,2015-01-31,CAD,5055000000,5055000000,1290681945,1290681945,2307000000,2538000000,0,-2748000000,0,0,0,1182000000,0,0,0,188000000,1139000000,139000000,0,0,0,2307000000,2495000000,986000000
BMO,2014-10-31,CAD,4640000000,4640000000,1056181770,1056181770,2428000000,1875000000,0,-2212000000,0,0,0,1158000000,0,0,0,195000000,1283000000,213000000,0,3845744209,0,2428000000,2623000000,1057000000
BMO,2014-07-31,CAD,4215000000,4215000000,1262491978,1262491978,2473000000,1595000000,0,-1742000000,0,0,0,1160000000,0,0,0,191000000,1329000000,203000000,0,0,0,2473000000,2664000000,1110000000
BMO,2014-04-30,CAD,4041000000,4041000000,1086480569,1086480569,2393000000,1491000000,0,-1648000000,0,0,0,1122000000,0,0,0,182000000,1285000000,209000000,0,0,0,2393000000,2575000000,1062000000
BMO,2014-01-31,CAD,4122000000,4122000000,1054003055,1054003055,2466000000,1581000000,0,-1656000000,0,0,0,1140000000,0,0,0,179000000,1339000000,278000000,0,0,0,2466000000,2645000000,1048000000
BMO,2013-10-31,CAD,4138000000,4138000000,862812769.6,862812769.6,1356000000,212000000,0,-2782000000,0,0,0,1140000000,0,0,0,183000000,1369000000,295000000,0,0,0,1356000000,1539000000,1061000000
BMO,2013-07-31,CAD,4050000000,4050000000,738542376.2,738542376.2,2562000000,1445000000,0,-1488000000,0,0,0,1147000000,0,0,0,178000000,1431000000,294000000,0,0,0,2562000000,2740000000,1121000000
BMO,2013-04-30,CAD,3944000000,3944000000,781218979.6,781218979.6,2312000000,1472000000,0,-1632000000,0,0,0,1099000000,0,0,0,174000000,1231000000,256000000,0,0,0,2312000000,2486000000,957000000
BMO,2013-01-31,CAD,4081000000,4081000000,870524521.1,870524521.1,2457000000,1475000000,0,-1624000000,0,0,0,1162000000,0,0,0,177000000,1313000000,265000000,0,0,0,2457000000,2634000000,1030000000
BMO,2012-10-31,CAD,4176000000,4176000000,892535521.3,892535521.3,2534000000,1674000000,0,-1642000000,0,0,0,1269000000,0,0,0,88000000,1283000000,201000000,0,0,0,2629000000,2717000000,1064000000
BMO,2012-07-31,CAD,3878000000,3878000000,914166085.1,914166085.1,2360000000,1542000000,0,-1518000000,0,0,0,1222000000,0,0,0,176000000,1157000000,187000000,0,0,0,2360000000,2536000000,951000000
BMO,2012-04-30,CAD,3959000000,3959000000,774918962.7,774918962.7,2407000000,1592000000,0,-1552000000,0,0,0,1160000000,0,0,0,169000000,1265000000,237000000,0,0,0,2407000000,2576000000,1010000000
BMO,2012-01-31,CAD,4117000000,4117000000,766776348.6,766776348.6,2589000000,1709000000,0,-1528000000,0,0,0,1186000000,0,0,0,175000000,1422000000,313000000,0,0,0,2589000000,2764000000,1090000000
BMO,2011-10-31,CAD,4078000000,4078000000,953381352.5,953381352.5,2139000000,659000000,0,-1939000000,0,0,0,992000000,0,0,0,169000000,1166000000,250000000,0,0,0,2139000000,2308000000,897000000
BMO,2011-07-31,CAD,3234000000,3234000000,871746629,871746629,1937000000,1451000000,0,-1297000000,0,0,0,966000000,0,0,0,131000000,989000000,178000000,0,0,0,1937000000,2068000000,793000000
BMO,2011-04-30,CAD,3234000000,3234000000,824915824.9,824915824.9,1937000000,1451000000,0,-1297000000,0,0,0,966000000,0,0,0,131000000,989000000,178000000,0,0,0,1937000000,2068000000,793000000
BMO,2011-01-31,CAD,3346000000,3346000000,925796464.6,925796464.6,1994000000,1367000000,0,-1352000000,0,0,0,960000000,0,0,0,125000000,1052000000,258000000,0,0,0,1994000000,2119000000,776000000
BMO,2010-10-31,CAD,3229000000,3229000000,904527559.1,904527559.1,1836000000,421000000,0,-1393000000,0,0,0,901000000,0,0,0,118000000,953000000,196000000,0,0,0,1836000000,1954000000,739000000
BMO,2010-07-31,CAD,2907000000,2907000000,805316653.6,805316653.6,1611000000,1325000000,0,-1296000000,0,0,0,835000000,0,0,0,118000000,795000000,107000000,0,0,0,1611000000,1729000000,669000000
BMO,2010-04-30,CAD,3049000000,3049000000,762578616.4,762578616.4,1693000000,1297000000,0,-1356000000,0,0,0,741000000,0,0,0,119000000,970000000,207000000,0,0,0,1693000000,1812000000,745000000
BMO,2010-01-31,CAD,3025000000,3025000000,840003766.8,840003766.8,1600000000,1321000000,0,-1425000000,0,0,0,766000000,0,0,0,115000000,853000000,177000000,0,0,0,1600000000,1715000000,657000000
BMO,2009-10-31,CAD,2989000000,2989000000,981447124.3,981447124.3,1982000000,609000000,0,-1007000000,0,0,0,1177000000,0,0,0,110000000,824000000,158000000,0,0,0,1982000000,2092000000,647000000
BMO,2009-07-31,CAD,2978000000,2978000000,1118738404,1118738404,1468000000,1269000000,0,-1510000000,0,0,0,799000000,0,0,0,127000000,688000000,112000000,0,0,0,1468000000,1595000000,557000000
BMO,2009-04-30,CAD,2655000000,2655000000,1230318258,1230318258,1597000000,1354000000,0,-1058000000,0,0,0,1221000000,0,0,0,119464110,395000000,18000000,0,0,0,1597000000,1716464110,358000000
BMO,2009-01-31,CAD,2442232055,2442232055,1537904394,1537904394,1959193708,1086529007,0,-483038347,0,0,0,1805555556,0,0,0,115535890,153638152,-71288102,0,0,0,1959193708,2074729598,224926254
BMO,2008-10-31,CAD,2813432370,2813432370,1694845361,1694845361,2581725526,1006175219,0,-231706844,0,0,0,2070669161,0,0,0,112889877,511056365,-49453200,0,0,0,2581725526,2694615403,560509565
BMO,2008-07-31,CAD,2745138178,2745138178,2047874939,2047874939,2550665302,1044012282,0,-194472876,0,0,0,2089048106,0,0,0,109435851,461617196,-59365404,0,0,0,2550665302,2660101153,520982600
BMO,2008-04-30,CAD,2620052241,2620052241,1978752979,1978752979,3239903557,979505726,0,619851316,0,0,0,2470363673,0,0,0,106554004,769539884,127586900,0,0,0,3239903557,3346457561,641952984
BMO,2008-01-31,CAD,2026104418,2026104418,2517433752,2517433752,3196787148,944779116,0,1170682730,0,0,0,3033132530,0,0,0,106425703,163654618,-91365462,0,0,0,3196787148,3303212851,255020080
BMO,2007-10-31,CAD,2199601639,2199601639,2626337536,2626337536,3447041316,900923757,0,1247439677,0,0,0,3072521031,0,0,0,110156107,449520285,-77212331,0,0,0,3447041316,3557197423,451732616
BMO,2007-07-31,CAD,2554573529,2554573529,1929167057,1929167057,3552337345,1024385050,0,997763816,0,0,0,2765413694,0,0,0,110646999,786923651,126717070,0,0,0,3552337345,3662984344,660206581
BMO,2007-04-30,CAD,2528008874,2528008874,1705733862,1705733862,3433166945,969495286,0,905158071,0,0,0,2596783140,0,0,0,111728346,836383805,165280089,0,0,0,3433166945,3544895291,671103716
BMO,2007-01-31,CAD,2574955909,2574955909,1554157456,1554157456,3306290418,1018224574,0,731334509,0,0,0,2562022340,0,0,0,103468548,744268078,158730159,0,0,0,3306290418,3409758966,585537919
BMO,2006-10-31,CAD,2316524494,2316524494,1516258352,1516258352,3139809028,934532866,0,823284534,0,0,0,2326841498,0,0,0,106455029,888967530,117384659,0,0,0,3139809028,3246264057,695582871
BMO,2006-07-31,CAD,2570426519,2570426519,1394239265,1394239265,3142889467,958253196,0,572462948,0,0,0,2233284308,0,0,0,97701273,909605159,199117547,0,0,0,3142889467,3240590740,710487612
BMO,2006-04-30,CAD,2472926203,2472926203,1234612274,1234612274,2689516580,943396226,0,216590377,0,0,0,1872278665,0,0,0,100845063,817237915,173049012,0,0,0,2689516580,2790361643,644188903
BMO,2006-01-31,CAD,2481793355,2481793355,1109941213,1109941213,2602412380,964952208,0,120619025,0,0,0,1736458807,0,0,0,98998635,865953573,235548475,0,0,0,2602412380,2701411015,630405098
BMO,2005-10-31,CAD,2621341604,2621341604,957095709.6,957095709.6,2436252539,961048341,0,-185089065,0,0,0,1525170566,0,0,0,114818017,911081973,254164733,0,0,0,2436252539,2551070556,656917240
BMO,2005-07-31,CAD,2410922003,2410922003,853205710,853205710,2175829559,933023142,0,-235092444,0,0,0,1430145709,0,0,0,123314506,745683850,204481450,0,0,0,2175829559,2299144065,541202400
BMO,2005-04-30,CAD,2397984886,2397984886,702495813.7,702495813.7,2080604534,924433249,0,-317380352,0,0,0,1283375315,0,0,0,113920329,797229219,197732997,0,0,0,2080604534,2194524863,599496222
BMO,2005-01-31,CAD,2411312330,2411312330,673867483.5,673867483.5,1961051848,926569090,0,-450260482,0,0,0,1139915654,0,0,0,119077152,821136194,219548499,0,0,0,1961051848,2080129000,601587695
